    @book{Goodfellow2016,
        author    = {Goodfellow, I. and Bengio, Y. and Courville, A.},
        year      = {2016},
        title     = {Deep Learning},
        publisher = {MIT Press}
    }
    @book{Bishop2006,
        author    = {Bishop, C. M.},
        year      = {2006},
        title     = {Pattern Recognition and Machine Learning},
        publisher = {Springer}
    }
    @book{Hastie2009,
        author    = {Hastie, T. and Tibshirani, R. and Friedman, J.},
        year      = {2009},
        title     = {The Elements of Statistical Learning},
        publisher = {Springer}
    }
    @article{Kingma2015,
        author  = {Kingma, D. P. and Ba, J.},
        year    = {2015},
        title   = {Adam: A Method for Stochastic Optimization},
        journaltitle = {ICLR},
        url     = {https://arxiv.org/abs/1412.6980}
    }
    @article{Platt1999,
        author  = {Platt, J.},
        year    = {1999},
        title   = {Probabilistic Outputs for Support Vector Machines},
        journaltitle = {Advances in Large Margin Classifiers},
        pages   = {61--74}
    }
